@article{beloglazov2012energy,
  title={Energy-aware resource allocation heuristics for efficient management of data centers for cloud computing},
  author={Beloglazov, Anton and Abawajy, Jemal and Buyya, Rajkumar},
  journal={Future generation computer systems},
  volume={28},
  number={5},
  pages={755--768},
  year={2012},
  publisher={Elsevier}
}
@inproceedings{heo2009memory,
  title={Memory overbooking and dynamic control of Xen virtual machines in consolidated environments},
  author={Heo, Jin and Zhu, Xiaoyun and Padala, Pradeep and Wang, Zhikui},
  booktitle={2009 IFIP/IEEE International Symposium on Integrated Network Management},
  pages={630--637},
  year={2009},
  organization={IEEE}
}
@inproceedings{kandukuri2009cloud,
  title={Cloud security issues},
  author={Kandukuri, Balachandra Reddy and Rakshit, Atanu and others},
  booktitle={Services Computing, 2009. SCC'09. IEEE International Conference on},
  pages={517--520},
  year={2009},
  organization={IEEE}
}
@article{chang2006selection,
  title={Selection of smoothing coefficient via exponential smoothing algorithm [J]},
  author={Chang-jiang, WANG},
  journal={Journal of North University of China (Natural Science Edition)},
  volume={6},
  pages={021},
  year={2006}
}
@inproceedings{pacheco2011markovian,
  title={Markovian workload characterization for qos prediction in the cloud},
  author={Pacheco-Sanchez, Sergio and Casale, Giuliano and Scotney, Bryan and McClean, Sally and Parr, Gerard and Dawson, Stephen},
  booktitle={Cloud Computing (CLOUD), 2011 IEEE International Conference on},
  pages={147--154},
  year={2011},
  organization={IEEE}
}
@inproceedings{strunk2012costs,
  title={Costs of virtual machine live migration: A survey},
  author={Strunk, Anja},
  booktitle={2012 IEEE Eighth World Congress on Services},
  pages={323--329},
  year={2012},
  organization={IEEE}
}
@inproceedings{li2009enacloud,
  title={Enacloud: An energy-saving application live placement approach for cloud computing environments},
  author={Li, Bo and Li, Jianxin and Huai, Jinpeng and Wo, Tianyu and Li, Qin and Zhong, Liang},
  booktitle={2009 IEEE International Conference on Cloud Computing},
  pages={17--24},
  year={2009},
  organization={IEEE}
}
@inproceedings{tian2014prepartition,
  title={Prepartition: A new paradigm for the load balance of virtual machine reservations in data centers},
  author={Tian, Wenhong and Xu, Minxian and Chen, Yu and Zhao, Yong},
  booktitle={2014 IEEE International Conference on Communications (ICC)},
  pages={4017--4022},
  year={2014},
  organization={IEEE}
}
@article{buyya2010energy,
  title={Energy-efficient management of data center resources for cloud computing: A vision, architectural elements, and open challenges},
  author={Buyya, Rajkumar and Beloglazov, Anton and Abawajy, Jemal},
  journal={arXiv preprint arXiv:1006.0308},
  year={2010}
}
@article{xiao2013dynamic,
  title={Dynamic resource allocation using virtual machines for cloud computing environment},
  author={Xiao, Zhen and Song, Weijia and Chen, Qi},
  journal={IEEE Transactions on parallel and distributed systems},
  volume={24},
  number={6},
  pages={1107--1117},
  year={2013},
  publisher={IEEE}
}
@inproceedings{maurer2011enacting,
  title={Enacting SLAs in clouds using rules},
  author={Maurer, Michael and Brandic, Ivona and Sakellariou, Rizos},
  booktitle={European Conference on Parallel Processing},
  pages={455--466},
  year={2011},
  organization={Springer}
}
@inproceedings{kalyvianaki2009self,
  title={Self-adaptive and self-configured cpu resource provisioning for virtualized servers using kalman filters},
  author={Kalyvianaki, Evangelia and Charalambous, Themistoklis and Hand, Steven},
  booktitle={Proceedings of the 6th international conference on Autonomic computing},
  pages={117--126},
  year={2009},
  organization={ACM}
}
@inproceedings{khanna2006application,
  title={Application performance management in virtualized server environments},
  author={Khanna, Gunjan and Beaty, Kirk and Kar, Gautam and Kochut, Andrzej},
  booktitle={2006 IEEE/IFIP Network Operations and Management Symposium NOMS 2006},
  pages={373--381},
  year={2006},
  organization={IEEE}
}
@article{chun2003planetlab,
  title={Planetlab: an overlay testbed for broad-coverage services},
  author={Chun, Brent and Culler, David and Roscoe, Timothy and Bavier, Andy and Peterson, Larry and Wawrzoniak, Mike and Bowman, Mic},
  journal={ACM SIGCOMM Computer Communication Review},
  volume={33},
  number={3},
  pages={3--12},
  year={2003},
  publisher={ACM}
}
@article{calheiros2011cloudsim,
  title={CloudSim: a toolkit for modeling and simulation of cloud computing environments and evaluation of resource provisioning algorithms},
  author={Calheiros, Rodrigo N and Ranjan, Rajiv and Beloglazov, Anton and De Rose, C{\'e}sar AF and Buyya, Rajkumar},
  journal={Software: Practice and Experience},
  volume={41},
  number={1},
  pages={23--50},
  year={2011},
  publisher={Wiley Online Library}
}
@inproceedings{faragardi2013towards,
  title={Towards energy-aware resource scheduling to maximize reliability in cloud computing systems},
  author={Faragardi, Hamid Reza and Rajabi, Aboozar and Shojaee, Reza and Nolte, Thomas},
  booktitle={High Performance Computing and Communications \& 2013 IEEE International Conference on Embedded and Ubiquitous Computing (HPCC\_EUC), 2013 IEEE 10th International Conference on},
  pages={1469--1479},
  year={2013},
  organization={IEEE}
}
@inproceedings{brown2008suspend,
  title={Suspend-to-RAM in LinuxR},
  author={Brown, A Leonard and Wysocki, Rafael J},
  booktitle={Linux symposium},
  pages={39},
  year={2008}
}
@article{chase2001managing,
  title={Managing energy and server resources in hosting centers},
  author={Chase, Jeffrey S and Anderson, Darrell C and Thakar, Prachi N and Vahdat, Amin M and Doyle, Ronald P},
  journal={ACM SIGOPS Operating Systems Review},
  volume={35},
  number={5},
  pages={103--116},
  year={2001},
  publisher={ACM}
}
@inproceedings{elnozahy2002energy,
  title={Energy-efficient server clusters},
  author={Elnozahy, EN Mootaz and Kistler, Michael and Rajamony, Ramakrishnan},
  booktitle={International Workshop on Power-Aware Computer Systems},
  pages={179--197},
  year={2002},
  organization={Springer}
}
@article{kusic2009power,
  title={Power and performance management of virtualized computing environments via lookahead control},
  author={Kusic, Dara and Kephart, Jeffrey O and Hanson, James E and Kandasamy, Nagarajan and Jiang, Guofei},
  journal={Cluster computing},
  volume={12},
  number={1},
  pages={1--15},
  year={2009},
  publisher={Springer}
}
@article{wu2014green,
  title={A green energy-efficient scheduling algorithm using the DVFS technique for cloud datacenters},
  author={Wu, Chia-Ming and Chang, Ruay-Shiung and Chan, Hsin-Yu},
  journal={Future Generation Computer Systems},
  volume={37},
  pages={141--147},
  year={2014},
  publisher={Elsevier}
}
@article{cao2013optimal,
  title={Optimal multiserver configuration for profit maximization in cloud computing},
  author={Cao, Junwei and Hwang, Kai and Li, Keqin and Zomaya, Albert Y},
  journal={ieee transactions on parallel and distributed systems},
  volume={24},
  number={6},
  pages={1087--1096},
  year={2013},
  publisher={IEEE}
}
@article{park2006comon,
  title={CoMon: a mostly-scalable monitoring system for PlanetLab},
  author={Park, KyoungSoo and Pai, Vivek S},
  journal={ACM SIGOPS Operating Systems Review},
  volume={40},
  number={1},
  pages={65--74},
  year={2006},
  publisher={ACM}
}
@inproceedings{qureshi2009cutting,
  title={Cutting the electric bill for internet-scale systems},
  author={Qureshi, Asfandyar and Weber, Rick and Balakrishnan, Hari and Guttag, John and Maggs, Bruce},
  booktitle={ACM SIGCOMM computer communication review},
  volume={39},
  number={4},
  pages={123--134},
  year={2009},
  organization={ACM}
}
@article{gardner2006exponential,
  title={Exponential smoothing: The state of the art—Part II},
  author={Gardner, Everette S},
  journal={International journal of forecasting},
  volume={22},
  number={4},
  pages={637--666},
  year={2006},
  publisher={Elsevier}
}
@inproceedings{gong2010pac,
  title={Pac: Pattern-driven application consolidation for efficient cloud computing},
  author={Gong, Zhenhuan and Gu, Xiaohui},
  booktitle={2010 IEEE International Symposium on Modeling, Analysis and Simulation of Computer and Telecommunication Systems},
  pages={24--33},
  year={2010},
  organization={IEEE}
}
@misc{wiki:openstack,
    author = "Wikipedia",
    title = "OpenStack --- Wikipedia{,} The Free Encyclopedia",
    year = "2017",
    url = "https://en.wikipedia.org/w/index.php?title=OpenStack&oldid=804505444",
    note = "[Online; accessed 16-October-2017]"
}
@article{sloman2002security,
  title={Security and management policy specification},
  author={Sloman, Morris and Lupu, Emil},
  journal={IEEE network},
  volume={16},
  number={2},
  pages={10--19},
  year={2002},
  publisher={IEEE}
}
@article{mishra2012dynamic,
  title={Dynamic resource management using virtual machine migrations},
  author={Mishra, Mayank and Das, Anwesha and Kulkarni, Purushottam and Sahoo, Anirudha},
  journal={IEEE Communications Magazine},
  volume={50},
  number={9},
  year={2012},
  publisher={IEEE}
}
@inproceedings{clark2005live,
  title={Live migration of virtual machines},
  author={Clark, Christopher and Fraser, Keir and Hand, Steven and Hansen, Jacob Gorm and Jul, Eric and Limpach, Christian and Pratt, Ian and Warfield, Andrew},
  booktitle={Proceedings of the 2nd Conference on Symposium on Networked Systems Design \& Implementation-Volume 2},
  pages={273--286},
  year={2005},
  organization={USENIX Association}
}
@article{huangmeili,
  title={基于形式概念分析的领域本体构建方法研究},
  author={黄美丽 and 刘宗田},
  journal={计算机科学},
  volume={33},
  number={1},
  pages={210--212},
  year={2006}
}
@misc{ wiki:django,
    author = "Wikipedia",
    title = "Django (web framework) --- Wikipedia{,} The Free Encyclopedia",
    year = "2017",
    url = "https://en.wikipedia.org/w/index.php?title=Django_(web_framework)&oldid=803435459",
    note = "[Online; accessed 16-October-2017]"
}
@misc{ wiki:angular,
    author = "Wikipedia",
    title = "AngularJS --- Wikipedia{,} The Free Encyclopedia",
    year = "2017",
    url = "https://en.wikipedia.org/w/index.php?title=AngularJS&oldid=805557351",
    note = "[Online; accessed 16-October-2017]"
}
@article{menasce2002qos,
  title={QoS issues in web services},
  author={Menasc{\'e}, Daniel A},
  journal={IEEE internet computing},
  volume={6},
  number={6},
  pages={72--75},
  year={2002},
  publisher={IEEE}
}
@article{huang2014prediction,
  title={Prediction-based Dynamic Resource Scheduling for Virtualized Cloud Systems.},
  author={Huang, Qingjia and Shuang, Kai and Xu, Peng and Li, Jian and Liu, Xu and Su, Sen},
  journal={JNW},
  volume={9},
  number={2},
  pages={375--383},
  year={2014}
}
@inproceedings{papamarkos2003event,
  title={Event-condition-action rule languages for the semantic web},
  author={Papamarkos, George and Poulovassilis, Alexandra and Wood, Peter T},
  booktitle={Proceedings of the First International Conference on Semantic Web and Databases},
  pages={294--312},
  year={2003},
  organization={CEUR-WS. org}
}
@misc{ wiki:clips,
    author = "Wikipedia",
    title = "CLIPS --- Wikipedia{,} The Free Encyclopedia",
    year = "2017",
    url = "https://en.wikipedia.org/w/index.php?title=CLIPS&oldid=783478560",
    note = "[Online; accessed 17-October-2017]"
}
@article{kim2013improving,
  title={Improving network management with software defined networking},
  author={Kim, Hyojoon and Feamster, Nick},
  journal={IEEE Communications Magazine},
  volume={51},
  number={2},
  pages={114--119},
  year={2013},
  publisher={IEEE}
}
@inproceedings{elmroth2009interfaces,
  title={Interfaces for placement, migration, and monitoring of virtual machines in federated clouds},
  author={Elmroth, Erik and Larsson, Lars},
  booktitle={Grid and Cooperative Computing, 2009. GCC'09. Eighth International Conference on},
  pages={253--260},
  year={2009},
  organization={IEEE}
}
@article{gupta2014survey,
  title={Survey on virtual machine placement techniques in cloud computing environment},
  author={Gupta, Rajeev Kumar and Pateriya, RK},
  journal={International Journal on Cloud Computing: Services and Architecture (IJCCSA)},
  volume={4},
  number={4},
  pages={1--7},
  year={2014}
}
@misc{ wiki:ganglia,
    author = "Wikipedia",
    title = "Ganglia (software) --- Wikipedia{,} The Free Encyclopedia",
    year = "2017",
    url = "https://en.wikipedia.org/w/index.php?title=Ganglia_(software)&oldid=776617518",
    note = "[Online; accessed 17-October-2017]"
}
@misc{ wiki:acw,
    author = "Wikipedia",
    title = "Amazon Elastic Compute Cloud --- Wikipedia{,} The Free Encyclopedia",
    year = "2017",
    url = "https://en.wikipedia.org/w/index.php?title=Amazon_Elastic_Compute_Cloud&oldid=801289449",
    note = "[Online; accessed 17-October-2017]"
}
@misc{ wiki:google_monitor,
    author = "Wikipedia",
    title = "Google Cloud Platform --- Wikipedia{,} The Free Encyclopedia",
    year = "2017",
    url = "https://en.wikipedia.org/w/index.php?title=Google_Cloud_Platform&oldid=801992967",
    note = "[Online; accessed 17-October-2017]"
}
@inproceedings{crago2011heterogeneous,
  title={Heterogeneous cloud computing},
  author={Crago, Steve and Dunn, Kyle and Eads, Patrick and Hochstein, Lorin and Kang, Dong-In and Kang, Mikyung and Modium, Devendra and Singh, Karandeep and Suh, Jinwoo and Walters, John Paul},
  booktitle={Cluster Computing (CLUSTER), 2011 IEEE International Conference on},
  pages={378--385},
  year={2011},
  organization={IEEE}
}
@inproceedings{liu2004qos,
  title={QoS computation and policing in dynamic web service selection},
  author={Liu, Yutu and Ngu, Anne H and Zeng, Liang Z},
  booktitle={Proceedings of the 13th international World Wide Web conference on Alternate track papers \& posters},
  pages={66--73},
  year={2004},
  organization={ACM}
}
@inproceedings{bobroff2007dynamic,
  title={Dynamic placement of virtual machines for managing sla violations},
  author={Bobroff, Norman and Kochut, Andrzej and Beaty, Kirk},
  booktitle={Integrated Network Management, 2007. IM'07. 10th IFIP/IEEE International Symposium on},
  pages={119--128},
  year={2007},
  organization={IEEE}
}
@inproceedings{verma2008pmapper,
  title={pMapper: power and migration cost aware application placement in virtualized systems},
  author={Verma, Akshat and Ahuja, Puneet and Neogi, Anindya},
  booktitle={Proceedings of the 9th ACM/IFIP/USENIX International Conference on Middleware},
  pages={243--264},
  year={2008},
  organization={Springer-Verlag New York, Inc.}
}
@article{islam2012empirical,
  title={Empirical prediction models for adaptive resource provisioning in the cloud},
  author={Islam, Sadeka and Keung, Jacky and Lee, Kevin and Liu, Anna},
  journal={Future Generation Computer Systems},
  volume={28},
  number={1},
  pages={155--162},
  year={2012},
  publisher={Elsevier}
}
@inproceedings{sonnek2010starling,
  title={Starling: Minimizing communication overhead in virtualized computing platforms using decentralized affinity-aware migration},
  author={Sonnek, Jason and Greensky, James and Reutiman, Robert and Chandra, Abhishek},
  booktitle={Parallel Processing (ICPP), 2010 39th International Conference on},
  pages={228--237},
  year={2010},
  organization={IEEE}
}
@misc{wiki:bfd,
    author = "Wikipedia",
    title = "Bin packing problem --- Wikipedia{,} The Free Encyclopedia",
    year = "2017",
    url = "https://en.wikipedia.org/w/index.php?title=Bin_packing_problem&oldid=804074432",
    note = "[Online; accessed 17-October-2017]"
}
@article{truong2007performance,
  title={Performance metrics and ontologies for grid workflows},
  author={Truong, Hong-Linh and Dustdar, Schahram and Fahringer, Thomas},
  journal={Future Generation Computer Systems},
  volume={23},
  number={6},
  pages={760--772},
  year={2007},
  publisher={Elsevier}
}
@article{funika2012semantic,
  title={Semantic-oriented performance monitoring of distributed applications},
  author={Funika, W{\l}odzimierz and Godowski, Piotr and P{\k{e}}giel, Piotr and Kr{\'o}l, Dariusz},
  journal={Computing and Informatics},
  volume={31},
  number={2},
  pages={427--446},
  year={2012}
}
@inproceedings{Hines2009Post,
  title={Post-copy based live virtual machine migration using adaptive pre-paging and dynamic self-ballooning},
  author={Hines, Michael R. and Gopalan, Kartik},
  booktitle={International Conference on Virtual Execution Environments, VEE 2009, Washington, Dc, Usa, March},
  pages={51-60},
  year={2009},
}
@inproceedings{Hudzia2011Evaluation,
  title={Evaluation of delta compression techniques for efficient live migration of large virtual machines},
  author={Hudzia, Benoit and Tordsson, Johan and Elmroth, Erik},
  booktitle={ACM Sigplan/sigops International Conference on Virtual Execution Environments},
  pages={111-120},
  year={2011},
}
@inproceedings{liu2009greencloud,
  title={GreenCloud: a new architecture for green data center},
  author={Liu, Liang and Wang, Hao and Liu, Xue and Jin, Xing and He, Wen Bo and Wang, Qing Bo and Chen, Ying},
  booktitle={Proceedings of the 6th international conference industry session on Autonomic computing and communications industry session},
  pages={29--38},
  year={2009},
  organization={ACM}
}